@article{almostsurelyconvergence,
  title={An Erd{\"o}s--R{\'e}v{\'e}sz type law of the iterated logarithm for reflected fractional Brownian motion},
  author={D{\c e}bicki, K. and Kosi{\'n}ski, K. M.},
  journal={Extremes},
  volume={20},
  number={4},
  pages={729--749},
  year={2017},
  publisher={Springer}
}
@article{weaklyconvergence,
 author = {A. J. Zeevi and P. W. Glynn},
 journal = {The Annals of Applied Probability},
 number = {4},
 pages = {1084--1099},
 publisher = {Institute of Mathematical Statistics},
 title = {On the Maximum Workload of a Queue Fed by Fractional Brownian Motion},
 volume = {10},
 year = {2000}
}
@article{piterbarg2001large,
  title={Large deviations of a storage process with fractional Brownian motion as input},
  author={Piterbarg, V. I.},
  journal={Extremes},
  volume={4},
  number={2},
  pages={147--164},
  year={2001},
  publisher={Springer}
}
@article{chung1948maximum,
  title={On the maximum partial sums of sequences of independent random variables},
  author={Chung, K. L.},
  journal={Transactions of the American Mathematical Society},
  volume={64},
  number={2},
  pages={205--233},
  year={1948},
  publisher={JSTOR}
}
@article{monrad1995small,
  title={Small values of Gaussian processes and functional laws of the iterated logarithm},
  author={Monrad, D. and Rootz{\'e}n, H.},
  journal={Probability theory and related fields},
  volume={101},
  number={2},
  pages={173--192},
  year={1995},
  publisher={Springer}
}
@article{li2001gaussian,
  title={Gaussian processes: inequalities, small ball probabilities and applications},
  author={Li, W. V. and Shao, Q-M},
  journal={Handbook of Statistics},
  volume={19},
  pages={533--597},
  year={2001},
  publisher={Elsevier}
}