@article{khintchine1924satz,
  title   = {\uppercase{\"u}ber einen satz der wahrscheinlichkeitsrechnung},
  author  = {Khintchine, A.},
  journal = {Fundamenta Mathematicae},
  volume  = {6},
  number  = {1},
  pages   = {9--20},
  year    = {1924}
}

@article{chung1948maximum,
  title={On the maximum partial sums of sequences of independent random variables},
  author={Chung, K. L.},
  journal={Transactions of the American Mathematical Society},
  volume={64},
  number={2},
  pages={205--233},
  year={1948},
  publisher={JSTOR}
}

@article{almostsurelyconvergence,
  title={An \uppercase{E}rd{\"o}s--\uppercase{R}{\'e}v{\'e}sz type law of the iterated logarithm for reflected fractional Brownian motion},
  author={D{\c e}bicki, K. and Kosi{\'n}ski, K. M.},
  journal={Extremes},
  volume={20},
  number={4},
  pages={729--749},
  year={2017},
  publisher={Springer}
}
@article{piterbarg2001large,
  title={Large deviations of a storage process with fractional Brownian motion as input},
  author={Piterbarg, V. I.},
  journal={Extremes},
  volume={4},
  number={2},
  pages={147--164},
  year={2001},
  publisher={Springer}
}